<?xml version="1.0" encoding="UTF-8"?>
<record xmlns="http://www.loc.gov/MARC21/slim" xmlns:xsi="http://www.w3.org/2001/XMLSchema-instance" xsi:schemaLocation="http://www.loc.gov/MARC21/slim http://www.loc.gov/standards/marcxml/schema/MARC21slim.xsd">
<leader>     cam a2200229   4500</leader>
<controlfield tag="001">001682376</controlfield>
<controlfield tag="003">NNU</controlfield>
<controlfield tag="005">20001219001057.0</controlfield>
<controlfield tag="008">891201s1954    ti       b    00  0 ara</controlfield>
<datafield tag="010" ind1=" " ind2=" ">
<subfield code="a">59036727</subfield>
</datafield>
<datafield tag="035" ind1="9" ind2=" ">
<subfield code="a">NYUb12225791</subfield>
</datafield>
<datafield tag="035" ind1=" " ind2=" ">
<subfield code="a">(CStRLIN)DCGGB15176423-B</subfield>
</datafield>
<datafield tag="100" ind1="1" ind2=" ">
<subfield code="a">Maṭwī, Muḥammad al-ʻArūsī.</subfield>
</datafield>
<datafield tag="245" ind1="1" ind2="3">
<subfield code="a">al-Ḥurūb al-Ṣalībīyah fī al-Mashriq wa-al-Maghrib /</subfield>
<subfield code="c">Muhammad al-ʻArūsī al-Maṭwī.</subfield>
</datafield>
<datafield tag="250" ind1=" " ind2=" ">
<subfield code="a">al-Ṭabʻah 1.</subfield>
</datafield>
<datafield tag="260" ind1=" " ind2=" ">
<subfield code="a">Tūnis :</subfield>
<subfield code="b">Dār al-Kutub al-Sharqīyah,</subfield>
<subfield code="c">1954.</subfield>
</datafield>
<datafield tag="300" ind1=" " ind2=" ">
<subfield code="a">7, 224 p. :</subfield>
<subfield code="b">illus., ports., maps. ;</subfield>
<subfield code="c">26 cm.</subfield>
</datafield>
<datafield tag="504" ind1=" " ind2=" ">
<subfield code="a">Bibliography: p. 213-218.</subfield>
</datafield>
<datafield tag="500" ind1=" " ind2=" ">
<subfield code="a">L.C. copy imperfect; p. 137-144 wanting.</subfield>
</datafield>
<datafield tag="650" ind1=" " ind2="0">
<subfield code="a">Crusades.</subfield>
</datafield>
<datafield tag="OWN" ind1=" " ind2=" ">
<subfield code="a">GENERAL</subfield>
</datafield>
<datafield tag="950" ind1=" " ind2=" ">
<subfield code="l">BMAIN</subfield>
<subfield code="a">D158</subfield>
<subfield code="b">.M26</subfield>
</datafield>
<datafield tag="955" ind1=" " ind2=" ">
<subfield code="l">BMAIN</subfield>
<subfield code="c">1</subfield>
<subfield code="r">003191502</subfield>
</datafield>
<datafield tag="998" ind1=" " ind2=" ">
<subfield code="s">9115</subfield>
</datafield>
<datafield tag="AVA" ind1=" " ind2=" ">
<subfield code="a">NYU50</subfield>
<subfield code="b">BOBST</subfield>
<subfield code="c">Main Collection</subfield>
<subfield code="d">D158 .M26</subfield>
<subfield code="e">unavailable</subfield>
<subfield code="t">Unavailable</subfield>
<subfield code="f">1</subfield>
<subfield code="g">1</subfield>
<subfield code="h">N</subfield>
<subfield code="i">0</subfield>
<subfield code="j">MAIN</subfield>
<subfield code="k">0</subfield>
</datafield>
</record>
